@Misc{scipy,
  author =    {Eric Jones and Travis Oliphant and Pearu Peterson and others},
  title =     {{SciPy}: Open source scientific tools for {Python}},
  year =      {2001--},
  url = "http://www.scipy.org/",
  note = {[Online; accessed 2015-04-20]}
}
@Article{landauskas,
  author =    {Mantas Landauskas and Eimutis Valakevicius},
  title =     {Modelling of Stock Prices by the Markov Chain Monte Carlo Method},
  year =      {2011},
  journal =   {Intellectual Economics},
  volume =    {5},
  number =    {2(10)},
  pages =     {244--256}
}
